<?xml version="1.0" encoding="UTF-8"?><collection xmlns="http://www.loc.gov/MARC21/slim"><record><leader>00403nam--2200133-i-4500</leader><controlfield tag="001">000040207</controlfield><controlfield tag="002">20161230</controlfield><controlfield tag="005">20161230201042</controlfield><controlfield tag="008">060222s1000------------r-----000-0-eng-d</controlfield><datafield ind1=" " ind2=" " tag="080"><subfield code="a">517.942.82(083):518.2</subfield></datafield><datafield ind1=" " ind2=" " tag="100"><subfield code="a">Salzer, Herbert E</subfield></datafield><datafield ind1=" " ind2=" " tag="245"><subfield code="a">Tables of coefficients for the numerical calculation of laplace transforms</subfield></datafield><datafield ind1=" " ind2=" " tag="260"><subfield code="a">Washington, National Bureau Of Standards, 1953. 36 P</subfield></datafield><datafield ind1=" " ind2=" " tag="852"><subfield code="a">17435</subfield></datafield></record></collection>